% Encoding: windows-1252
%
% zwischen jedes bibitem MUSS eine Leerzeile
% (sonst funktionieren die Backrefs nicht)
%
@book{bentley1999,
  title     = {{P}rogramming {P}earls},
  publisher = {Ad\-dison--Wesley},
  year      = {1999},
  author    = {Jon Bentley},
  address   = {Boston, MA, USA},
  edition   = {2},
}

@article{knuth1974,
    author = {Knuth, Donald E.},
    title = {{C}omputer {P}rogramming as an {A}rt},
    journal = {Communications of the ACM},
    year = {1974},
    volume = {17},
    pages = {667--673},
    number = {12},
    address = {New York, NY, USA},
    publisher = {ACM Press}
}

@book{sommerville1992,
    title = {{S}oftware {E}ngineering},
    publisher = {Addison-Wesley},
    year = {2015},
    author = {Ian Sommerville},
    address = {Boston, MA, USA},
    edition = 10
}

@inproceedings{nielsen1990,
    title={Heuristic evaluation of user interfaces},
    author={Nielsen, Jakob and Molich, Rolf},
    booktitle={Proceedings of the SIGCHI conference on Human factors in computing systems},
    pages={249--256},
    year={1990}
}

@article{nielsen1994,
    title={Heuristic evaluation},
    author={Nielsen, Jakob},
    journal={Usability Inspection Mehods},
    year={1994},
    publisher={John Wiley\&Sons}
}